%YAML 1.1
%TAG !u! tag:unity3d.com,2011:
--- !u!29 &1
SceneSettings:
  m_ObjectHideFlags: 0
  m_PVSData: 
  m_PVSObjectsArray: []
  m_PVSPortalsArray: []
  m_OcclusionBakeSettings:
    smallestOccluder: 5
    smallestHole: 0.25
    backfaceThreshold: 100
--- !u!104 &2
RenderSettings:
  m_ObjectHideFlags: 0
  serializedVersion: 7
  m_Fog: 0
  m_FogColor: {r: 0.5, g: 0.5, b: 0.5, a: 1}
  m_FogMode: 3
  m_FogDensity: 0.01
  m_LinearFogStart: 0
  m_LinearFogEnd: 300
  m_AmbientSkyColor: {r: 0.212, g: 0.227, b: 0.259, a: 1}
  m_AmbientEquatorColor: {r: 0.114, g: 0.125, b: 0.133, a: 1}
  m_AmbientGroundColor: {r: 0.047, g: 0.043, b: 0.035, a: 1}
  m_AmbientIntensity: 1
  m_AmbientMode: 3
  m_SkyboxMaterial: {fileID: 0}
  m_HaloStrength: 0.5
  m_FlareStrength: 1
  m_FlareFadeSpeed: 3
  m_HaloTexture: {fileID: 0}
  m_SpotCookie: {fileID: 10001, guid: 0000000000000000e000000000000000, type: 0}
  m_DefaultReflectionMode: 0
  m_DefaultReflectionResolution: 128
  m_ReflectionBounces: 1
  m_ReflectionIntensity: 1
  m_CustomReflection: {fileID: 0}
  m_Sun: {fileID: 0}
  m_IndirectSpecularColor: {r: 0, g: 0, b: 0, a: 1}
--- !u!157 &3
LightmapSettings:
  m_ObjectHideFlags: 0
  serializedVersion: 7
  m_GIWorkflowMode: 1
  m_GISettings:
    serializedVersion: 2
    m_BounceScale: 1
    m_IndirectOutputScale: 1
    m_AlbedoBoost: 1
    m_TemporalCoherenceThreshold: 1
    m_EnvironmentLightingMode: 0
    m_EnableBakedLightmaps: 0
    m_EnableRealtimeLightmaps: 0
  m_LightmapEditorSettings:
    serializedVersion: 4
    m_Resolution: 2
    m_BakeResolution: 40
    m_TextureWidth: 1024
    m_TextureHeight: 1024
    m_AO: 0
    m_AOMaxDistance: 1
    m_CompAOExponent: 1
    m_CompAOExponentDirect: 0
    m_Padding: 2
    m_LightmapParameters: {fileID: 0}
    m_LightmapsBakeMode: 1
    m_TextureCompression: 1
    m_DirectLightInLightProbes: 1
    m_FinalGather: 0
    m_FinalGatherFiltering: 1
    m_FinalGatherRayCount: 256
    m_ReflectionCompression: 2
  m_LightingDataAsset: {fileID: 0}
  m_RuntimeCPUUsage: 25
--- !u!196 &4
NavMeshSettings:
  serializedVersion: 2
  m_ObjectHideFlags: 0
  m_BuildSettings:
    serializedVersion: 2
    agentRadius: 0.5
    agentHeight: 2
    agentSlope: 45
    agentClimb: 0.4
    ledgeDropHeight: 0
    maxJumpAcrossDistance: 0
    accuratePlacement: 0
    minRegionArea: 2
    cellSize: 0.16666667
    manualCellSize: 0
  m_NavMeshData: {fileID: 0}
--- !u!1001 &82119313
Prefab:
  m_ObjectHideFlags: 0
  serializedVersion: 2
  m_Modification:
    m_TransformParent: {fileID: 0}
    m_Modifications:
    - target: {fileID: 4000012820914748, guid: 14df1dd352b804f588cb2b6aa8cf32cb, type: 2}
      propertyPath: m_LocalPosition.x
      value: 524
      objectReference: {fileID: 0}
    - target: {fileID: 4000012820914748, guid: 14df1dd352b804f588cb2b6aa8cf32cb, type: 2}
      propertyPath: m_LocalPosition.y
      value: -255
      objectReference: {fileID: 0}
    - target: {fileID: 4000012820914748, guid: 14df1dd352b804f588cb2b6aa8cf32cb, type: 2}
      propertyPath: m_LocalPosition.z
      value: 0
      objectReference: {fileID: 0}
    - target: {fileID: 4000012820914748, guid: 14df1dd352b804f588cb2b6aa8cf32cb, type: 2}
      propertyPath: m_LocalRotation.x
      value: -0
      objectReference: {fileID: 0}
    - target: {fileID: 4000012820914748, guid: 14df1dd352b804f588cb2b6aa8cf32cb, type: 2}
      propertyPath: m_LocalRotation.y
      value: -0
      objectReference: {fileID: 0}
    - target: {fileID: 4000012820914748, guid: 14df1dd352b804f588cb2b6aa8cf32cb, type: 2}
      propertyPath: m_LocalRotation.z
      value: -0
      objectReference: {fileID: 0}
    - target: {fileID: 4000012820914748, guid: 14df1dd352b804f588cb2b6aa8cf32cb, type: 2}
      propertyPath: m_LocalRotation.w
      value: 1
      objectReference: {fileID: 0}
    - target: {fileID: 4000012820914748, guid: 14df1dd352b804f588cb2b6aa8cf32cb, type: 2}
      propertyPath: m_RootOrder
      value: 2
      objectReference: {fileID: 0}
    - target: {fileID: 4000012820914748, guid: 14df1dd352b804f588cb2b6aa8cf32cb, type: 2}
      propertyPath: m_LocalScale.y
      value: 0.35
      objectReference: {fileID: 0}
    - target: {fileID: 4000012820914748, guid: 14df1dd352b804f588cb2b6aa8cf32cb, type: 2}
      propertyPath: m_LocalScale.x
      value: 1.63
      objectReference: {fileID: 0}
    - target: {fileID: 1000012977053874, guid: 14df1dd352b804f588cb2b6aa8cf32cb, type: 2}
      propertyPath: m_TagString
      value: Foreground
      objectReference: {fileID: 0}
    m_RemovedComponents: []
  m_ParentPrefab: {fileID: 100100000, guid: 14df1dd352b804f588cb2b6aa8cf32cb, type: 2}
  m_IsPrefabParent: 0
--- !u!1001 &113982852
Prefab:
  m_ObjectHideFlags: 0
  serializedVersion: 2
  m_Modification:
    m_TransformParent: {fileID: 0}
    m_Modifications:
    - target: {fileID: 4000010113735202, guid: e77d86d0de47383438b0bb78ef6f75a6, type: 2}
      propertyPath: m_LocalPosition.x
      value: 574
      objectReference: {fileID: 0}
    - target: {fileID: 4000010113735202, guid: e77d86d0de47383438b0bb78ef6f75a6, type: 2}
      propertyPath: m_LocalPosition.y
      value: -246
      objectReference: {fileID: 0}
    - target: {fileID: 4000010113735202, guid: e77d86d0de47383438b0bb78ef6f75a6, type: 2}
      propertyPath: m_LocalPosition.z
      value: 0
      objectReference: {fileID: 0}
    - target: {fileID: 4000010113735202, guid: e77d86d0de47383438b0bb78ef6f75a6, type: 2}
      propertyPath: m_LocalRotation.x
      value: -0
      objectReference: {fileID: 0}
    - target: {fileID: 4000010113735202, guid: e77d86d0de47383438b0bb78ef6f75a6, type: 2}
      propertyPath: m_LocalRotation.y
      value: -0
      objectReference: {fileID: 0}
    - target: {fileID: 4000010113735202, guid: e77d86d0de47383438b0bb78ef6f75a6, type: 2}
      propertyPath: m_LocalRotation.z
      value: -0
      objectReference: {fileID: 0}
    - target: {fileID: 4000010113735202, guid: e77d86d0de47383438b0bb78ef6f75a6, type: 2}
      propertyPath: m_LocalRotation.w
      value: 1
      objectReference: {fileID: 0}
    - target: {fileID: 4000010113735202, guid: e77d86d0de47383438b0bb78ef6f75a6, type: 2}
      propertyPath: m_RootOrder
      value: 9
      objectReference: {fileID: 0}
    m_RemovedComponents: []
  m_ParentPrefab: {fileID: 100100000, guid: e77d86d0de47383438b0bb78ef6f75a6, type: 2}
  m_IsPrefabParent: 0
--- !u!1001 &370294735
Prefab:
  m_ObjectHideFlags: 0
  serializedVersion: 2
  m_Modification:
    m_TransformParent: {fileID: 1415786100}
    m_Modifications:
    - target: {fileID: 4000011919787702, guid: 1a41469694ddc1a4d8a088d8fb56348e, type: 2}
      propertyPath: m_LocalPosition.x
      value: 16.74266
      objectReference: {fileID: 0}
    - target: {fileID: 4000011919787702, guid: 1a41469694ddc1a4d8a088d8fb56348e, type: 2}
      propertyPath: m_LocalPosition.y
      value: 12.798889
      objectReference: {fileID: 0}
    - target: {fileID: 4000011919787702, guid: 1a41469694ddc1a4d8a088d8fb56348e, type: 2}
      propertyPath: m_LocalPosition.z
      value: 0
      objectReference: {fileID: 0}
    - target: {fileID: 4000011919787702, guid: 1a41469694ddc1a4d8a088d8fb56348e, type: 2}
      propertyPath: m_LocalRotation.x
      value: -0
      objectReference: {fileID: 0}
    - target: {fileID: 4000011919787702, guid: 1a41469694ddc1a4d8a088d8fb56348e, type: 2}
      propertyPath: m_LocalRotation.y
      value: -0
      objectReference: {fileID: 0}
    - target: {fileID: 4000011919787702, guid: 1a41469694ddc1a4d8a088d8fb56348e, type: 2}
      propertyPath: m_LocalRotation.z
      value: -0
      objectReference: {fileID: 0}
    - target: {fileID: 4000011919787702, guid: 1a41469694ddc1a4d8a088d8fb56348e, type: 2}
      propertyPath: m_LocalRotation.w
      value: 1
      objectReference: {fileID: 0}
    - target: {fileID: 4000011919787702, guid: 1a41469694ddc1a4d8a088d8fb56348e, type: 2}
      propertyPath: m_RootOrder
      value: 1
      objectReference: {fileID: 0}
    m_RemovedComponents: []
  m_ParentPrefab: {fileID: 100100000, guid: 1a41469694ddc1a4d8a088d8fb56348e, type: 2}
  m_IsPrefabParent: 0
--- !u!4 &370294736 stripped
Transform:
  m_PrefabParentObject: {fileID: 4000011919787702, guid: 1a41469694ddc1a4d8a088d8fb56348e,
    type: 2}
  m_PrefabInternal: {fileID: 370294735}
--- !u!1001 &598740549
Prefab:
  m_ObjectHideFlags: 0
  serializedVersion: 2
  m_Modification:
    m_TransformParent: {fileID: 1604771057}
    m_Modifications:
    - target: {fileID: 4000011722321200, guid: 0ebba5972c64a47cfb31a21eea14be12, type: 2}
      propertyPath: m_LocalPosition.x
      value: -149.7
      objectReference: {fileID: 0}
    - target: {fileID: 4000011722321200, guid: 0ebba5972c64a47cfb31a21eea14be12, type: 2}
      propertyPath: m_LocalPosition.y
      value: 34.4
      objectReference: {fileID: 0}
    - target: {fileID: 4000011722321200, guid: 0ebba5972c64a47cfb31a21eea14be12, type: 2}
      propertyPath: m_LocalPosition.z
      value: 0
      objectReference: {fileID: 0}
    - target: {fileID: 4000011722321200, guid: 0ebba5972c64a47cfb31a21eea14be12, type: 2}
      propertyPath: m_LocalRotation.x
      value: -0
      objectReference: {fileID: 0}
    - target: {fileID: 4000011722321200, guid: 0ebba5972c64a47cfb31a21eea14be12, type: 2}
      propertyPath: m_LocalRotation.y
      value: -0
      objectReference: {fileID: 0}
    - target: {fileID: 4000011722321200, guid: 0ebba5972c64a47cfb31a21eea14be12, type: 2}
      propertyPath: m_LocalRotation.z
      value: -0
      objectReference: {fileID: 0}
    - target: {fileID: 4000011722321200, guid: 0ebba5972c64a47cfb31a21eea14be12, type: 2}
      propertyPath: m_LocalRotation.w
      value: 1
      objectReference: {fileID: 0}
    - target: {fileID: 4000011722321200, guid: 0ebba5972c64a47cfb31a21eea14be12, type: 2}
      propertyPath: m_RootOrder
      value: 2
      objectReference: {fileID: 0}
    - target: {fileID: 1000012088048628, guid: 0ebba5972c64a47cfb31a21eea14be12, type: 2}
      propertyPath: m_Name
      value: Avalanche_after_cb (1)
      objectReference: {fileID: 0}
    - target: {fileID: 114000010927950466, guid: 0ebba5972c64a47cfb31a21eea14be12,
        type: 2}
      propertyPath: prefab
      value: 
      objectReference: {fileID: 1000012088048628, guid: 0ebba5972c64a47cfb31a21eea14be12,
        type: 2}
    m_RemovedComponents: []
  m_ParentPrefab: {fileID: 100100000, guid: 0ebba5972c64a47cfb31a21eea14be12, type: 2}
  m_IsPrefabParent: 0
--- !u!4 &598740550 stripped
Transform:
  m_PrefabParentObject: {fileID: 4000011722321200, guid: 0ebba5972c64a47cfb31a21eea14be12,
    type: 2}
  m_PrefabInternal: {fileID: 598740549}
--- !u!1001 &738075840
Prefab:
  m_ObjectHideFlags: 0
  serializedVersion: 2
  m_Modification:
    m_TransformParent: {fileID: 0}
    m_Modifications:
    - target: {fileID: 4000011898275972, guid: ecb2548f09207b14f95063f5b7012165, type: 2}
      propertyPath: m_LocalPosition.x
      value: 595
      objectReference: {fileID: 0}
    - target: {fileID: 4000011898275972, guid: ecb2548f09207b14f95063f5b7012165, type: 2}
      propertyPath: m_LocalPosition.y
      value: -225
      objectReference: {fileID: 0}
    - target: {fileID: 4000011898275972, guid: ecb2548f09207b14f95063f5b7012165, type: 2}
      propertyPath: m_LocalPosition.z
      value: 0
      objectReference: {fileID: 0}
    - target: {fileID: 4000011898275972, guid: ecb2548f09207b14f95063f5b7012165, type: 2}
      propertyPath: m_LocalRotation.x
      value: -0
      objectReference: {fileID: 0}
    - target: {fileID: 4000011898275972, guid: ecb2548f09207b14f95063f5b7012165, type: 2}
      propertyPath: m_LocalRotation.y
      value: -0
      objectReference: {fileID: 0}
    - target: {fileID: 4000011898275972, guid: ecb2548f09207b14f95063f5b7012165, type: 2}
      propertyPath: m_LocalRotation.z
      value: -0
      objectReference: {fileID: 0}
    - target: {fileID: 4000011898275972, guid: ecb2548f09207b14f95063f5b7012165, type: 2}
      propertyPath: m_LocalRotation.w
      value: 1
      objectReference: {fileID: 0}
    - target: {fileID: 4000011898275972, guid: ecb2548f09207b14f95063f5b7012165, type: 2}
      propertyPath: m_RootOrder
      value: 8
      objectReference: {fileID: 0}
    - target: {fileID: 4000011898275972, guid: ecb2548f09207b14f95063f5b7012165, type: 2}
      propertyPath: m_LocalScale.x
      value: 0.7
      objectReference: {fileID: 0}
    - target: {fileID: 4000011898275972, guid: ecb2548f09207b14f95063f5b7012165, type: 2}
      propertyPath: m_LocalScale.y
      value: 0.7
      objectReference: {fileID: 0}
    - target: {fileID: 1000011737550588, guid: ecb2548f09207b14f95063f5b7012165, type: 2}
      propertyPath: m_Name
      value: MovingEnemy (1)
      objectReference: {fileID: 0}
    - target: {fileID: 114000014005896552, guid: ecb2548f09207b14f95063f5b7012165,
        type: 2}
      propertyPath: goats
      value: 
      objectReference: {fileID: 1415786099}
    - target: {fileID: 114000014005896552, guid: ecb2548f09207b14f95063f5b7012165,
        type: 2}
      propertyPath: target
      value: 
      objectReference: {fileID: 1894634899}
    m_RemovedComponents: []
  m_ParentPrefab: {fileID: 100100000, guid: ecb2548f09207b14f95063f5b7012165, type: 2}
  m_IsPrefabParent: 0
--- !u!4 &740481594 stripped
Transform:
  m_PrefabParentObject: {fileID: 4000011919787702, guid: 1a41469694ddc1a4d8a088d8fb56348e,
    type: 2}
  m_PrefabInternal: {fileID: 938474736}
--- !u!1001 &741268617
Prefab:
  m_ObjectHideFlags: 0
  serializedVersion: 2
  m_Modification:
    m_TransformParent: {fileID: 0}
    m_Modifications:
    - target: {fileID: 4000013386811972, guid: 5de955bbd3d2449e3be46600a2557906, type: 2}
      propertyPath: m_LocalPosition.x
      value: 534
      objectReference: {fileID: 0}
    - target: {fileID: 4000013386811972, guid: 5de955bbd3d2449e3be46600a2557906, type: 2}
      propertyPath: m_LocalPosition.y
      value: -247
      objectReference: {fileID: 0}
    - target: {fileID: 4000013386811972, guid: 5de955bbd3d2449e3be46600a2557906, type: 2}
      propertyPath: m_LocalPosition.z
      value: 0
      objectReference: {fileID: 0}
    - target: {fileID: 4000013386811972, guid: 5de955bbd3d2449e3be46600a2557906, type: 2}
      propertyPath: m_LocalRotation.x
      value: -0
      objectReference: {fileID: 0}
    - target: {fileID: 4000013386811972, guid: 5de955bbd3d2449e3be46600a2557906, type: 2}
      propertyPath: m_LocalRotation.y
      value: -0
      objectReference: {fileID: 0}
    - target: {fileID: 4000013386811972, guid: 5de955bbd3d2449e3be46600a2557906, type: 2}
      propertyPath: m_LocalRotation.z
      value: -0
      objectReference: {fileID: 0}
    - target: {fileID: 4000013386811972, guid: 5de955bbd3d2449e3be46600a2557906, type: 2}
      propertyPath: m_LocalRotation.w
      value: 1
      objectReference: {fileID: 0}
    - target: {fileID: 4000013386811972, guid: 5de955bbd3d2449e3be46600a2557906, type: 2}
      propertyPath: m_RootOrder
      value: 6
      objectReference: {fileID: 0}
    - target: {fileID: 1000010764471244, guid: 5de955bbd3d2449e3be46600a2557906, type: 2}
      propertyPath: m_Name
      value: Feather (1)
      objectReference: {fileID: 0}
    m_RemovedComponents: []
  m_ParentPrefab: {fileID: 100100000, guid: 5de955bbd3d2449e3be46600a2557906, type: 2}
  m_IsPrefabParent: 0
--- !u!1001 &938474736
Prefab:
  m_ObjectHideFlags: 0
  serializedVersion: 2
  m_Modification:
    m_TransformParent: {fileID: 1415786100}
    m_Modifications:
    - target: {fileID: 4000011919787702, guid: 1a41469694ddc1a4d8a088d8fb56348e, type: 2}
      propertyPath: m_LocalPosition.x
      value: 88.74266
      objectReference: {fileID: 0}
    - target: {fileID: 4000011919787702, guid: 1a41469694ddc1a4d8a088d8fb56348e, type: 2}
      propertyPath: m_LocalPosition.y
      value: 12.498886
      objectReference: {fileID: 0}
    - target: {fileID: 4000011919787702, guid: 1a41469694ddc1a4d8a088d8fb56348e, type: 2}
      propertyPath: m_LocalPosition.z
      value: 0
      objectReference: {fileID: 0}
    - target: {fileID: 4000011919787702, guid: 1a41469694ddc1a4d8a088d8fb56348e, type: 2}
      propertyPath: m_LocalRotation.x
      value: -0
      objectReference: {fileID: 0}
    - target: {fileID: 4000011919787702, guid: 1a41469694ddc1a4d8a088d8fb56348e, type: 2}
      propertyPath: m_LocalRotation.y
      value: -0
      objectReference: {fileID: 0}
    - target: {fileID: 4000011919787702, guid: 1a41469694ddc1a4d8a088d8fb56348e, type: 2}
      propertyPath: m_LocalRotation.z
      value: -0
      objectReference: {fileID: 0}
    - target: {fileID: 4000011919787702, guid: 1a41469694ddc1a4d8a088d8fb56348e, type: 2}
      propertyPath: m_LocalRotation.w
      value: 1
      objectReference: {fileID: 0}
    - target: {fileID: 4000011919787702, guid: 1a41469694ddc1a4d8a088d8fb56348e, type: 2}
      propertyPath: m_RootOrder
      value: 0
      objectReference: {fileID: 0}
    - target: {fileID: 1000011641717144, guid: 1a41469694ddc1a4d8a088d8fb56348e, type: 2}
      propertyPath: m_Name
      value: Goat (1)
      objectReference: {fileID: 0}
    m_RemovedComponents: []
  m_ParentPrefab: {fileID: 100100000, guid: 1a41469694ddc1a4d8a088d8fb56348e, type: 2}
  m_IsPrefabParent: 0
--- !u!1001 &939875061
Prefab:
  m_ObjectHideFlags: 0
  serializedVersion: 2
  m_Modification:
    m_TransformParent: {fileID: 0}
    m_Modifications:
    - target: {fileID: 4000010222156490, guid: 8c437b8a1123dac419742314a9f637e6, type: 2}
      propertyPath: m_LocalPosition.x
      value: 527
      objectReference: {fileID: 0}
    - target: {fileID: 4000010222156490, guid: 8c437b8a1123dac419742314a9f637e6, type: 2}
      propertyPath: m_LocalPosition.y
      value: -254
      objectReference: {fileID: 0}
    - target: {fileID: 4000010222156490, guid: 8c437b8a1123dac419742314a9f637e6, type: 2}
      propertyPath: m_LocalPosition.z
      value: 0
      objectReference: {fileID: 0}
    - target: {fileID: 4000010222156490, guid: 8c437b8a1123dac419742314a9f637e6, type: 2}
      propertyPath: m_LocalRotation.x
      value: 0
      objectReference: {fileID: 0}
    - target: {fileID: 4000010222156490, guid: 8c437b8a1123dac419742314a9f637e6, type: 2}
      propertyPath: m_LocalRotation.y
      value: 0
      objectReference: {fileID: 0}
    - target: {fileID: 4000010222156490, guid: 8c437b8a1123dac419742314a9f637e6, type: 2}
      propertyPath: m_LocalRotation.z
      value: 0
      objectReference: {fileID: 0}
    - target: {fileID: 4000010222156490, guid: 8c437b8a1123dac419742314a9f637e6, type: 2}
      propertyPath: m_LocalRotation.w
      value: 1
      objectReference: {fileID: 0}
    - target: {fileID: 4000010222156490, guid: 8c437b8a1123dac419742314a9f637e6, type: 2}
      propertyPath: m_RootOrder
      value: 0
      objectReference: {fileID: 0}
    - target: {fileID: 4000011546505922, guid: 8c437b8a1123dac419742314a9f637e6, type: 2}
      propertyPath: m_LocalPosition.x
      value: -103.1
      objectReference: {fileID: 0}
    - target: {fileID: 4000011546505922, guid: 8c437b8a1123dac419742314a9f637e6, type: 2}
      propertyPath: m_LocalPosition.y
      value: 8.2
      objectReference: {fileID: 0}
    - target: {fileID: 114000013027472870, guid: 8c437b8a1123dac419742314a9f637e6,
        type: 2}
      propertyPath: gridWorldSize.y
      value: 96.6
      objectReference: {fileID: 0}
    - target: {fileID: 114000013027472870, guid: 8c437b8a1123dac419742314a9f637e6,
        type: 2}
      propertyPath: gridWorldSize.x
      value: 255.24
      objectReference: {fileID: 0}
    m_RemovedComponents: []
  m_ParentPrefab: {fileID: 100100000, guid: 8c437b8a1123dac419742314a9f637e6, type: 2}
  m_IsPrefabParent: 0
--- !u!1001 &995395390
Prefab:
  m_ObjectHideFlags: 0
  serializedVersion: 2
  m_Modification:
    m_TransformParent: {fileID: 1283384836}
    m_Modifications:
    - target: {fileID: 4000012334087086, guid: ff4cd62d6eb6f4004b56b6d20e1c5615, type: 2}
      propertyPath: m_LocalPosition.x
      value: -43.94
      objectReference: {fileID: 0}
    - target: {fileID: 4000012334087086, guid: ff4cd62d6eb6f4004b56b6d20e1c5615, type: 2}
      propertyPath: m_LocalPosition.y
      value: 16.49
      objectReference: {fileID: 0}
    - target: {fileID: 4000012334087086, guid: ff4cd62d6eb6f4004b56b6d20e1c5615, type: 2}
      propertyPath: m_LocalPosition.z
      value: 0
      objectReference: {fileID: 0}
    - target: {fileID: 4000012334087086, guid: ff4cd62d6eb6f4004b56b6d20e1c5615, type: 2}
      propertyPath: m_LocalRotation.x
      value: -0
      objectReference: {fileID: 0}
    - target: {fileID: 4000012334087086, guid: ff4cd62d6eb6f4004b56b6d20e1c5615, type: 2}
      propertyPath: m_LocalRotation.y
      value: -0
      objectReference: {fileID: 0}
    - target: {fileID: 4000012334087086, guid: ff4cd62d6eb6f4004b56b6d20e1c5615, type: 2}
      propertyPath: m_LocalRotation.z
      value: -0
      objectReference: {fileID: 0}
    - target: {fileID: 4000012334087086, guid: ff4cd62d6eb6f4004b56b6d20e1c5615, type: 2}
      propertyPath: m_LocalRotation.w
      value: 1
      objectReference: {fileID: 0}
    - target: {fileID: 4000012334087086, guid: ff4cd62d6eb6f4004b56b6d20e1c5615, type: 2}
      propertyPath: m_RootOrder
      value: 0
      objectReference: {fileID: 0}
    m_RemovedComponents: []
  m_ParentPrefab: {fileID: 100100000, guid: ff4cd62d6eb6f4004b56b6d20e1c5615, type: 2}
  m_IsPrefabParent: 0
--- !u!1001 &1003722543
Prefab:
  m_ObjectHideFlags: 0
  serializedVersion: 2
  m_Modification:
    m_TransformParent: {fileID: 1604771057}
    m_Modifications:
    - target: {fileID: 4000011722321200, guid: 0ebba5972c64a47cfb31a21eea14be12, type: 2}
      propertyPath: m_LocalPosition.x
      value: -272.7
      objectReference: {fileID: 0}
    - target: {fileID: 4000011722321200, guid: 0ebba5972c64a47cfb31a21eea14be12, type: 2}
      propertyPath: m_LocalPosition.y
      value: 37.2
      objectReference: {fileID: 0}
    - target: {fileID: 4000011722321200, guid: 0ebba5972c64a47cfb31a21eea14be12, type: 2}
      propertyPath: m_LocalPosition.z
      value: 0
      objectReference: {fileID: 0}
    - target: {fileID: 4000011722321200, guid: 0ebba5972c64a47cfb31a21eea14be12, type: 2}
      propertyPath: m_LocalRotation.x
      value: -0
      objectReference: {fileID: 0}
    - target: {fileID: 4000011722321200, guid: 0ebba5972c64a47cfb31a21eea14be12, type: 2}
      propertyPath: m_LocalRotation.y
      value: -0
      objectReference: {fileID: 0}
    - target: {fileID: 4000011722321200, guid: 0ebba5972c64a47cfb31a21eea14be12, type: 2}
      propertyPath: m_LocalRotation.z
      value: -0
      objectReference: {fileID: 0}
    - target: {fileID: 4000011722321200, guid: 0ebba5972c64a47cfb31a21eea14be12, type: 2}
      propertyPath: m_LocalRotation.w
      value: 1
      objectReference: {fileID: 0}
    - target: {fileID: 4000011722321200, guid: 0ebba5972c64a47cfb31a21eea14be12, type: 2}
      propertyPath: m_RootOrder
      value: 0
      objectReference: {fileID: 0}
    m_RemovedComponents: []
  m_ParentPrefab: {fileID: 100100000, guid: 0ebba5972c64a47cfb31a21eea14be12, type: 2}
  m_IsPrefabParent: 0
--- !u!4 &1003722544 stripped
Transform:
  m_PrefabParentObject: {fileID: 4000011722321200, guid: 0ebba5972c64a47cfb31a21eea14be12,
    type: 2}
  m_PrefabInternal: {fileID: 1003722543}
--- !u!1001 &1138607236
Prefab:
  m_ObjectHideFlags: 0
  serializedVersion: 2
  m_Modification:
    m_TransformParent: {fileID: 0}
    m_Modifications:
    - target: {fileID: 4000011898275972, guid: ecb2548f09207b14f95063f5b7012165, type: 2}
      propertyPath: m_LocalPosition.x
      value: 409
      objectReference: {fileID: 0}
    - target: {fileID: 4000011898275972, guid: ecb2548f09207b14f95063f5b7012165, type: 2}
      propertyPath: m_LocalPosition.y
      value: -225
      objectReference: {fileID: 0}
    - target: {fileID: 4000011898275972, guid: ecb2548f09207b14f95063f5b7012165, type: 2}
      propertyPath: m_LocalPosition.z
      value: 0
      objectReference: {fileID: 0}
    - target: {fileID: 4000011898275972, guid: ecb2548f09207b14f95063f5b7012165, type: 2}
      propertyPath: m_LocalRotation.x
      value: -0
      objectReference: {fileID: 0}
    - target: {fileID: 4000011898275972, guid: ecb2548f09207b14f95063f5b7012165, type: 2}
      propertyPath: m_LocalRotation.y
      value: -0
      objectReference: {fileID: 0}
    - target: {fileID: 4000011898275972, guid: ecb2548f09207b14f95063f5b7012165, type: 2}
      propertyPath: m_LocalRotation.z
      value: -0
      objectReference: {fileID: 0}
    - target: {fileID: 4000011898275972, guid: ecb2548f09207b14f95063f5b7012165, type: 2}
      propertyPath: m_LocalRotation.w
      value: 1
      objectReference: {fileID: 0}
    - target: {fileID: 4000011898275972, guid: ecb2548f09207b14f95063f5b7012165, type: 2}
      propertyPath: m_RootOrder
      value: 7
      objectReference: {fileID: 0}
    - target: {fileID: 4000011898275972, guid: ecb2548f09207b14f95063f5b7012165, type: 2}
      propertyPath: m_LocalScale.x
      value: 0.7
      objectReference: {fileID: 0}
    - target: {fileID: 4000011898275972, guid: ecb2548f09207b14f95063f5b7012165, type: 2}
      propertyPath: m_LocalScale.y
      value: 0.7
      objectReference: {fileID: 0}
    - target: {fileID: 114000014005896552, guid: ecb2548f09207b14f95063f5b7012165,
        type: 2}
      propertyPath: goats
      value: 
      objectReference: {fileID: 1415786099}
    - target: {fileID: 114000014005896552, guid: ecb2548f09207b14f95063f5b7012165,
        type: 2}
      propertyPath: target
      value: 
      objectReference: {fileID: 1894634899}
    m_RemovedComponents: []
  m_ParentPrefab: {fileID: 100100000, guid: ecb2548f09207b14f95063f5b7012165, type: 2}
  m_IsPrefabParent: 0
--- !u!1001 &1283384835
Prefab:
  m_ObjectHideFlags: 0
  serializedVersion: 2
  m_Modification:
    m_TransformParent: {fileID: 0}
    m_Modifications:
    - target: {fileID: 4000010763395212, guid: 121ae577c7626404494402cd9e0cd6af, type: 2}
      propertyPath: m_LocalPosition.x
      value: 719
      objectReference: {fileID: 0}
    - target: {fileID: 4000010763395212, guid: 121ae577c7626404494402cd9e0cd6af, type: 2}
      propertyPath: m_LocalPosition.y
      value: -330
      objectReference: {fileID: 0}
    - target: {fileID: 4000010763395212, guid: 121ae577c7626404494402cd9e0cd6af, type: 2}
      propertyPath: m_LocalPosition.z
      value: 0
      objectReference: {fileID: 0}
    - target: {fileID: 4000010763395212, guid: 121ae577c7626404494402cd9e0cd6af, type: 2}
      propertyPath: m_LocalRotation.x
      value: 0
      objectReference: {fileID: 0}
    - target: {fileID: 4000010763395212, guid: 121ae577c7626404494402cd9e0cd6af, type: 2}
      propertyPath: m_LocalRotation.y
      value: 0
      objectReference: {fileID: 0}
    - target: {fileID: 4000010763395212, guid: 121ae577c7626404494402cd9e0cd6af, type: 2}
      propertyPath: m_LocalRotation.z
      value: 0
      objectReference: {fileID: 0}
    - target: {fileID: 4000010763395212, guid: 121ae577c7626404494402cd9e0cd6af, type: 2}
      propertyPath: m_LocalRotation.w
      value: 1
      objectReference: {fileID: 0}
    - target: {fileID: 4000010763395212, guid: 121ae577c7626404494402cd9e0cd6af, type: 2}
      propertyPath: m_RootOrder
      value: 3
      objectReference: {fileID: 0}
    m_RemovedComponents: []
  m_ParentPrefab: {fileID: 100100000, guid: 121ae577c7626404494402cd9e0cd6af, type: 2}
  m_IsPrefabParent: 0
--- !u!4 &1283384836 stripped
Transform:
  m_PrefabParentObject: {fileID: 4000010763395212, guid: 121ae577c7626404494402cd9e0cd6af,
    type: 2}
  m_PrefabInternal: {fileID: 1283384835}
--- !u!1001 &1284559337
Prefab:
  m_ObjectHideFlags: 0
  serializedVersion: 2
  m_Modification:
    m_TransformParent: {fileID: 0}
    m_Modifications:
    - target: {fileID: 4000013386811972, guid: 5de955bbd3d2449e3be46600a2557906, type: 2}
      propertyPath: m_LocalPosition.x
      value: 467
      objectReference: {fileID: 0}
    - target: {fileID: 4000013386811972, guid: 5de955bbd3d2449e3be46600a2557906, type: 2}
      propertyPath: m_LocalPosition.y
      value: -245
      objectReference: {fileID: 0}
    - target: {fileID: 4000013386811972, guid: 5de955bbd3d2449e3be46600a2557906, type: 2}
      propertyPath: m_LocalPosition.z
      value: 0
      objectReference: {fileID: 0}
    - target: {fileID: 4000013386811972, guid: 5de955bbd3d2449e3be46600a2557906, type: 2}
      propertyPath: m_LocalRotation.x
      value: -0
      objectReference: {fileID: 0}
    - target: {fileID: 4000013386811972, guid: 5de955bbd3d2449e3be46600a2557906, type: 2}
      propertyPath: m_LocalRotation.y
      value: -0
      objectReference: {fileID: 0}
    - target: {fileID: 4000013386811972, guid: 5de955bbd3d2449e3be46600a2557906, type: 2}
      propertyPath: m_LocalRotation.z
      value: -0
      objectReference: {fileID: 0}
    - target: {fileID: 4000013386811972, guid: 5de955bbd3d2449e3be46600a2557906, type: 2}
      propertyPath: m_LocalRotation.w
      value: 1
      objectReference: {fileID: 0}
    - target: {fileID: 4000013386811972, guid: 5de955bbd3d2449e3be46600a2557906, type: 2}
      propertyPath: m_RootOrder
      value: 4
      objectReference: {fileID: 0}
    m_RemovedComponents: []
  m_ParentPrefab: {fileID: 100100000, guid: 5de955bbd3d2449e3be46600a2557906, type: 2}
  m_IsPrefabParent: 0
--- !u!1 &1415786099
GameObject:
  m_ObjectHideFlags: 0
  m_PrefabParentObject: {fileID: 0}
  m_PrefabInternal: {fileID: 0}
  serializedVersion: 4
  m_Component:
  - 4: {fileID: 1415786100}
  m_Layer: 0
  m_Name: Goats
  m_TagString: Untagged
  m_Icon: {fileID: 0}
  m_NavMeshLayer: 0
  m_StaticEditorFlags: 0
  m_IsActive: 1
--- !u!4 &1415786100
Transform:
  m_ObjectHideFlags: 0
  m_PrefabParentObject: {fileID: 0}
  m_PrefabInternal: {fileID: 0}
  m_GameObject: {fileID: 1415786099}
  m_LocalRotation: {x: 0, y: 0, z: 0, w: 1}
  m_LocalPosition: {x: 470, y: -240, z: 0}
  m_LocalScale: {x: 1, y: 1, z: 1}
  m_LocalEulerAnglesHint: {x: 0, y: 0, z: 0}
  m_Children:
  - {fileID: 740481594}
  - {fileID: 370294736}
  m_Father: {fileID: 0}
  m_RootOrder: 10
--- !u!1 &1604771056
GameObject:
  m_ObjectHideFlags: 0
  m_PrefabParentObject: {fileID: 0}
  m_PrefabInternal: {fileID: 0}
  serializedVersion: 4
  m_Component:
  - 4: {fileID: 1604771057}
  m_Layer: 0
  m_Name: Avalanches
  m_TagString: Untagged
  m_Icon: {fileID: 0}
  m_NavMeshLayer: 0
  m_StaticEditorFlags: 0
  m_IsActive: 1
--- !u!4 &1604771057
Transform:
  m_ObjectHideFlags: 0
  m_PrefabParentObject: {fileID: 0}
  m_PrefabInternal: {fileID: 0}
  m_GameObject: {fileID: 1604771056}
  m_LocalRotation: {x: 0, y: 0, z: 0, w: 1}
  m_LocalPosition: {x: 723, y: -267, z: 0}
  m_LocalScale: {x: 1, y: 1, z: 1}
  m_LocalEulerAnglesHint: {x: 0, y: 0, z: 0}
  m_Children:
  - {fileID: 1003722544}
  - {fileID: 1640289564}
  - {fileID: 598740550}
  m_Father: {fileID: 0}
  m_RootOrder: 5
--- !u!1001 &1640289563
Prefab:
  m_ObjectHideFlags: 0
  serializedVersion: 2
  m_Modification:
    m_TransformParent: {fileID: 1604771057}
    m_Modifications:
    - target: {fileID: 4000011722321200, guid: 0ebba5972c64a47cfb31a21eea14be12, type: 2}
      propertyPath: m_LocalPosition.x
      value: -205.4
      objectReference: {fileID: 0}
    - target: {fileID: 4000011722321200, guid: 0ebba5972c64a47cfb31a21eea14be12, type: 2}
      propertyPath: m_LocalPosition.y
      value: 36.8
      objectReference: {fileID: 0}
    - target: {fileID: 4000011722321200, guid: 0ebba5972c64a47cfb31a21eea14be12, type: 2}
      propertyPath: m_LocalPosition.z
      value: 0
      objectReference: {fileID: 0}
    - target: {fileID: 4000011722321200, guid: 0ebba5972c64a47cfb31a21eea14be12, type: 2}
      propertyPath: m_LocalRotation.x
      value: -0
      objectReference: {fileID: 0}
    - target: {fileID: 4000011722321200, guid: 0ebba5972c64a47cfb31a21eea14be12, type: 2}
      propertyPath: m_LocalRotation.y
      value: -0
      objectReference: {fileID: 0}
    - target: {fileID: 4000011722321200, guid: 0ebba5972c64a47cfb31a21eea14be12, type: 2}
      propertyPath: m_LocalRotation.z
      value: -0
      objectReference: {fileID: 0}
    - target: {fileID: 4000011722321200, guid: 0ebba5972c64a47cfb31a21eea14be12, type: 2}
      propertyPath: m_LocalRotation.w
      value: 1
      objectReference: {fileID: 0}
    - target: {fileID: 4000011722321200, guid: 0ebba5972c64a47cfb31a21eea14be12, type: 2}
      propertyPath: m_RootOrder
      value: 1
      objectReference: {fileID: 0}
    - target: {fileID: 1000012088048628, guid: 0ebba5972c64a47cfb31a21eea14be12, type: 2}
      propertyPath: m_Name
      value: Avalanche_after_cb
      objectReference: {fileID: 0}
    - target: {fileID: 114000010927950466, guid: 0ebba5972c64a47cfb31a21eea14be12,
        type: 2}
      propertyPath: prefab
      value: 
      objectReference: {fileID: 1000012088048628, guid: 0ebba5972c64a47cfb31a21eea14be12,
        type: 2}
    m_RemovedComponents: []
  m_ParentPrefab: {fileID: 100100000, guid: 0ebba5972c64a47cfb31a21eea14be12, type: 2}
  m_IsPrefabParent: 0
--- !u!4 &1640289564 stripped
Transform:
  m_PrefabParentObject: {fileID: 4000011722321200, guid: 0ebba5972c64a47cfb31a21eea14be12,
    type: 2}
  m_PrefabInternal: {fileID: 1640289563}
--- !u!1001 &1869183048
Prefab:
  m_ObjectHideFlags: 0
  serializedVersion: 2
  m_Modification:
    m_TransformParent: {fileID: 0}
    m_Modifications:
    - target: {fileID: 4000011175241094, guid: aa4a8c3f0b0638f43b88ff931dc68fbf, type: 2}
      propertyPath: m_LocalPosition.x
      value: 466
      objectReference: {fileID: 0}
    - target: {fileID: 4000011175241094, guid: aa4a8c3f0b0638f43b88ff931dc68fbf, type: 2}
      propertyPath: m_LocalPosition.y
      value: -242
      objectReference: {fileID: 0}
    - target: {fileID: 4000011175241094, guid: aa4a8c3f0b0638f43b88ff931dc68fbf, type: 2}
      propertyPath: m_LocalPosition.z
      value: 0
      objectReference: {fileID: 0}
    - target: {fileID: 4000011175241094, guid: aa4a8c3f0b0638f43b88ff931dc68fbf, type: 2}
      propertyPath: m_LocalRotation.x
      value: 0
      objectReference: {fileID: 0}
    - target: {fileID: 4000011175241094, guid: aa4a8c3f0b0638f43b88ff931dc68fbf, type: 2}
      propertyPath: m_LocalRotation.y
      value: 0
      objectReference: {fileID: 0}
    - target: {fileID: 4000011175241094, guid: aa4a8c3f0b0638f43b88ff931dc68fbf, type: 2}
      propertyPath: m_LocalRotation.z
      value: 0
      objectReference: {fileID: 0}
    - target: {fileID: 4000011175241094, guid: aa4a8c3f0b0638f43b88ff931dc68fbf, type: 2}
      propertyPath: m_LocalRotation.w
      value: 1
      objectReference: {fileID: 0}
    - target: {fileID: 4000011175241094, guid: aa4a8c3f0b0638f43b88ff931dc68fbf, type: 2}
      propertyPath: m_RootOrder
      value: 11
      objectReference: {fileID: 0}
    m_RemovedComponents: []
  m_ParentPrefab: {fileID: 100100000, guid: aa4a8c3f0b0638f43b88ff931dc68fbf, type: 2}
  m_IsPrefabParent: 0
--- !u!4 &1894634899 stripped
Transform:
  m_PrefabParentObject: {fileID: 4000011546505922, guid: 8c437b8a1123dac419742314a9f637e6,
    type: 2}
  m_PrefabInternal: {fileID: 939875061}
--- !u!1001 &1988746490
Prefab:
  m_ObjectHideFlags: 0
  serializedVersion: 2
  m_Modification:
    m_TransformParent: {fileID: 0}
    m_Modifications:
    - target: {fileID: 4000011899751996, guid: 46c5afbb9c6bd47ca8e2010e5fc10efe, type: 2}
      propertyPath: m_LocalPosition.x
      value: 620
      objectReference: {fileID: 0}
    - target: {fileID: 4000011899751996, guid: 46c5afbb9c6bd47ca8e2010e5fc10efe, type: 2}
      propertyPath: m_LocalPosition.y
      value: -245
      objectReference: {fileID: 0}
    - target: {fileID: 4000011899751996, guid: 46c5afbb9c6bd47ca8e2010e5fc10efe, type: 2}
      propertyPath: m_LocalPosition.z
      value: 0
      objectReference: {fileID: 0}
    - target: {fileID: 4000011899751996, guid: 46c5afbb9c6bd47ca8e2010e5fc10efe, type: 2}
      propertyPath: m_LocalRotation.x
      value: 0
      objectReference: {fileID: 0}
    - target: {fileID: 4000011899751996, guid: 46c5afbb9c6bd47ca8e2010e5fc10efe, type: 2}
      propertyPath: m_LocalRotation.y
      value: 0
      objectReference: {fileID: 0}
    - target: {fileID: 4000011899751996, guid: 46c5afbb9c6bd47ca8e2010e5fc10efe, type: 2}
      propertyPath: m_LocalRotation.z
      value: 0
      objectReference: {fileID: 0}
    - target: {fileID: 4000011899751996, guid: 46c5afbb9c6bd47ca8e2010e5fc10efe, type: 2}
      propertyPath: m_LocalRotation.w
      value: 1
      objectReference: {fileID: 0}
    - target: {fileID: 4000011899751996, guid: 46c5afbb9c6bd47ca8e2010e5fc10efe, type: 2}
      propertyPath: m_RootOrder
      value: 1
      objectReference: {fileID: 0}
    - target: {fileID: 61000011933106806, guid: 46c5afbb9c6bd47ca8e2010e5fc10efe,
        type: 2}
      propertyPath: m_Offset.x
      value: -1
      objectReference: {fileID: 0}
    - target: {fileID: 61000011933106806, guid: 46c5afbb9c6bd47ca8e2010e5fc10efe,
        type: 2}
      propertyPath: m_Size.x
      value: 13.64
      objectReference: {fileID: 0}
    - target: {fileID: 61000011933106806, guid: 46c5afbb9c6bd47ca8e2010e5fc10efe,
        type: 2}
      propertyPath: m_Size.y
      value: 7.08
      objectReference: {fileID: 0}
    - target: {fileID: 61000011933106806, guid: 46c5afbb9c6bd47ca8e2010e5fc10efe,
        type: 2}
      propertyPath: m_Offset.y
      value: -0.7
      objectReference: {fileID: 0}
    m_RemovedComponents: []
  m_ParentPrefab: {fileID: 100100000, guid: 46c5afbb9c6bd47ca8e2010e5fc10efe, type: 2}
  m_IsPrefabParent: 0
